@misc{m3data, key={m3challenge}, title={2022 M3 Math Modeling Challenge Data}, url={https://m3challenge.siam.org/node/559}, journal={Data for 2022 Challenge | Society for Industrial and Applied Mathematics}, year={2022}, month={Feb}}
@misc{news_2021, key={emory}, title={Just another common cold virus? modeling sars-COV-2's future fade: Emory University: Atlanta ga}, url={https://news.emory.edu/stories/2021/01/coronavirus_endemic_future/index.html}, journal={News}, year={2021}, month={Jan}}
@misc{spencekimball_2022, title={Moderna says Covid is entering an endemic phase, but annual vaccines will be needed}, url={https://www.cnbc.com/2022/02/24/moderna-says-covid-is-entering-an-endemic-phase-but-annual-vaccines-will-be-needed.html}, journal={CNBC}, publisher={CNBC}, author={Spencekimball}, year={2022}, month={Feb}} 
@misc{wfh, key={wfhresearch}, title={Survey of working arrangements and attitudes}, url={https://wfhresearch.com/}, journal={WFH Research}}
@misc{owllabs, key={owllabs}, title={State of remote work in 2021}, publisher={OwlLabs}, url={https://resources.owllabs.com/hubfs/sorw/sorw_2021/owl-labs_state-of-remote-work-2021_report-final.pdf?utm_campaign=state%20of%20remote%20work%202021&amp;utm_medium=email&amp;_hsmi=180908804&amp;_hsenc=p2anqtz-_qqll-7bqetjbjyodcoskuzsr2perrpvrtl353dudu9e3aetthymlktmdf-n_opd0g0eg2lzzzzmm4mfackoopa9edt73hzo7qxjgyuaovmiid_nk&amp;utm_content=180908804&amp;utm_source=hs_automation}} 
@misc{mckinsey, key={mckinsey}, title={The future of work in America}, publisher={McKinsey Global Institute}, url={https://www.mckinsey.com/~/media/mckinsey/featured%20insights/future%20of%20organizations/the%20future%20of%20work%20in%20america%20people%20and%20places%20today%20and%20tomorrow/the-future-of-work-in-america-full-report.pdf}}
@misc{bureau_2021, title={The majority of children live with two parents, Census Bureau reports}, url={https://www.census.gov/newsroom/press-releases/2016/cb16-192.html#:~:text=The%20Majority%20of%20Children%20Live%20With%20Two%20Parents%2C%20Census%20Bureau%20Reports,-November%2017%2C%202016&amp;text=NOV}, journal={Census.gov}, author={Bureau, US Census}, year={2021}, month={Oct}} 
@misc{usbls, key={usbls}, title={Who telecommutes? where is the time saved spent?}, url={https://www.bls.gov/osmr/research-papers/2020/ec200050.htm}, journal={U.S. Bureau of Labor Statistics}, publisher={U.S. Bureau of Labor Statistics}} 
@misc{segal_2021, title={The Great Disconnect: Many more employers than workers want to return to offices}, url={https://www.forbes.com/sites/edwardsegal/2021/10/05/the-great-disconnect-many-more-employers-than-workers-want-to-return-to-offices/?sh=e74d4761ad3d}, journal={Forbes}, publisher={Forbes Magazine}, author={Segal, Edward}, year={2021}, month={Dec}} 
@misc{spors_2020, title={Younger generations are leading the remote working charge}, url={https://sba.thehartford.com/managing-employees/remote-workers/}, journal={Small Biz Ahead Blogâ€“ Small Business Owners | Accounting | Digital Currency}, author={Spors, The Hartford &amp; Kelly}, year={2020}, month={Dec}} 
@misc{pelta_2022, title={Survey: Men &amp; Women Experience Remote Work Differently: FlexJobs}, url={https://www.flexjobs.com/blog/post/men-women-experience-remote-work-survey/}, journal={FlexJobs Job Search Tips and Blog}, publisher={FlexJobs.com}, author={Pelta, Rachel}, year={2022}, month={Jan}} '
@misc{lean_in, key={wintw}, title={Women in the Workplace}, url={https://leanin.org/women-in-the-workplace-report-2020/introduction}, journal={Lean In}} 
@misc{flexjobs_2022, title={FlexJobs survey: Working Parents Want Remote Work: FlexJobs}, url={https://www.flexjobs.com/blog/post/what-working-parents-want-at-work/}, journal={FlexJobs Job Search Tips and Blog}, publisher={FlexJobs.com}, author={Flexjobs}, year={2022}, month={Jan}} 
@misc{loriekonish_2022, title={Here is the age when many Americans hope to retire}, url={https://www.cnbc.com/2022/01/03/here-is-the-age-when-many-americans-hope-to-retire.html#:~:text=The%20average%20age%20is%2062,the%20average%20age%20is%2060}, journal={CNBC}, publisher={CNBC}, author={LorieKonish}, year={2022}, month={Jan}}
@misc{kaggle, title={Predict if people prefer WFH vs WFO post Covid-19}, url={https://www.kaggle.com/anninasimon/predict-if-people-prefer-wfh-verses-wfo-data.html#:~:text=The%20average%20age%20is%2062,the%20average%20age%20is%2060}, , publisher={Kaggle}, author={AnninaSimon}, year={2021}, month={June}}
